# Caffeine - Guava wiki page
@online{caffeine:guava,
  title = "Caffeine Wiki - Guava",
  url = "https://github.com/ben-manes/caffeine/wiki/Guava",
  note = "Accessed 11.10.2024",
}

# Caffeine - Guava wiki page
@online{caffeine:jcache,
  author = "Ben Manes",
  title = "Caffeine Wiki - JCache",
  url = "https://github.com/ben-manes/caffeine/wiki/JCache",
  note = "Accessed 11.10.2024",
}
